<record><leader>00000cas a2200000 a 4500</leader><controlfield tag="001">11061125</controlfield><controlfield tag="008">840816d187u1886kyuwr ne      0    0eng d</controlfield><datafield ind1=" " ind2=" " tag="010"><subfield code="a">sn 84037809 </subfield></datafield><datafield ind1=" " ind2=" " tag="040"><subfield code="a">AQM</subfield><subfield code="b">eng</subfield><subfield code="c">AQM</subfield><subfield code="d">NPX</subfield><subfield code="d">KNP</subfield><subfield code="d">OCL</subfield><subfield code="d">OCLCQ</subfield></datafield><datafield ind1=" " ind2=" " tag="042"><subfield code="a">msc</subfield></datafield><datafield ind1="0" ind2="4" tag="245"><subfield code="a">The Bracken County chronicle.</subfield></datafield><datafield ind1=" " ind2=" " tag="260"><subfield code="a">Augusta, Ky. :</subfield><subfield code="b">John S. Orr</subfield></datafield><datafield ind1=" " ind2=" " tag="300"><subfield code="a">v.</subfield></datafield><datafield ind1=" " ind2=" " tag="310"><subfield code="a">Weekly</subfield></datafield><datafield ind1="1" ind2=" " tag="362"><subfield code="a">Ceased in 1886?</subfield><subfield code="z">Cf. NIM.</subfield></datafield><datafield ind1=" " ind2=" " tag="500"><subfield code="a">Publishers: G. Winter, &lt;1870-1874&gt;; McGroarty &amp; Orr, &lt;1875&gt;; J.S. Orr, &lt;1876-1877&gt;.</subfield></datafield><datafield ind1=" " ind2=" " tag="500"><subfield code="a">"Democratic." Cf. Rowell, 1877.</subfield></datafield><datafield ind1=" " ind2=" " tag="500"><subfield code="a">Editors: George Winter, &lt;1870-1874&gt;; John S. Orr, &lt;1875-1877&gt;.</subfield></datafield><datafield ind1=" " ind2=" " tag="588"><subfield code="a">Description based on: Vol. 7, no. 50 (Aug. 10, 1876).</subfield></datafield><datafield ind1=" " ind2="4" tag="651"><subfield code="a">Augusta (Ky.)</subfield><subfield code="v">Newspapers.</subfield></datafield><datafield ind1=" " ind2="4" tag="651"><subfield code="a">Bracken County (Ky.)</subfield><subfield code="v">Newspapers.</subfield></datafield><datafield ind1=" " ind2=" " tag="752"><subfield code="a">United States</subfield><subfield code="b">Kentucky</subfield><subfield code="c">Bracken</subfield><subfield code="d">Augusta.</subfield></datafield><datafield ind1="0" ind2="0" tag="780"><subfield code="t">Bracken chronicle (Augusta, Ky. : 1869)</subfield><subfield code="w">(DLC)sn 88061153</subfield></datafield><datafield ind1="0" ind2="0" tag="785"><subfield code="t">Bracken chronicle (Augusta, Ky. : 1887)</subfield><subfield code="w">(DLC)sn 85052033</subfield></datafield><datafield ind1="1" ind2=" " tag="029"><subfield code="a">AU@</subfield><subfield code="b">000020338849</subfield></datafield></record>